@inproceedings{CB16,
	title={What developers want and need from program analysis: an empirical study},
	author={Christakis, Maria and Bird, Christian},
	booktitle={Automated Software Engineering (ASE), 2016 31st IEEE/ACM International Conference},
	pages={332--343},
	year={2016},
	organization={IEEE}
}


@inproceedings{JSMB13,
	title={Why don't software developers use static analysis tools to find bugs?},
	author={Johnson, Brittany and Song, Yoonki and Murphy-Hill, Emerson and Bowdidge, Robert},
	booktitle={Proceedings of the 2013 International Conference on Software Engineering},
	pages={672--681},
	year={2013},
	organization={IEEE Press}
}

@inproceedings{NB18,
	author = {Nguyen Quang Do, Lisa and Bodden, Eric},
	title = {Gamifying Static Analysis},
	booktitle = {Proceedings of the 2018 26th ACM Joint Meeting on European Software Engineering Conference and Symposium on the Foundations of Software Engineering},
	series = {ESEC/FSE 2018},
	year = {2018},
	isbn = {978-1-4503-5573-5},
	location = {Lake Buena Vista, FL, USA},
	pages = {714--718},
	numpages = {5},
	url = {http://doi.acm.org/10.1145/3236024.3264830}, Add to Citavi project by DOI
	doi = {10.1145/3236024.3264830},
	acmid = {3264830},
	publisher = {ACM},
	address = {New York, NY, USA},
	keywords = {Gamification, Integrated Environments, Program analysis},
} 

@misc{B,
	abstract = {Balsamiq is the company behind Balsamiq Wireframes, the industry standard low-fidelity wireframing tool.},
	year = {18/01/2019},
	title = {Balsamiq. Rapid, effective and fun wireframing software. | Balsamiq},
	url = {https://balsamiq.com/},
	keywords = {balsamiq;design;HCI;interaction design;interface;UI;UI Design;usability;User Eperience;UX;wireframes},
	urldate = {19/01/2019}
}

@misc{A19,
	abstract = {GrammaTech is committed to working on the open standard, SARIF and soon-to-be SASP as part of an open tool-analysis ecosystem, supported by a US government program named STAMP whose goal is to fund the modernization of static analysis tools. GrammaTech's goal is to strongly promote the use and adoption of both SARIF and SASP. Once there is a specification of the protocol, we will explore mechanisms for formal standardization and wider promulgation.},
	author = {Anderson, Paul},
	title = {Static Analysis Results: A Format and a Protocol: SARIF {\&} SASP},
	url = {https://blogs.grammatech.com/static-analysis-results-a-format-and-a-protocol-sarif-sasp},
	urldate = {19/01/2019}
}
